@Manual{R-base,
  title = {R: A Language and Environment for Statistical Computing},
  author = {{R Core Team}},
  organization = {R Foundation for Statistical Computing},
  address = {Vienna, Austria},
  year = {2024},
  url = {https://www.R-project.org/},
}

@Manual{R-bayesplot,
  title = {bayesplot: Plotting for Bayesian Models},
  author = {Jonah Gabry and Tristan Mahr},
  year = {2024},
  note = {R package version 1.11.1},
  url = {https://mc-stan.org/bayesplot/},
}

@Manual{R-bayestestR,
  title = {bayestestR: Understand and Describe Bayesian Models and Posterior
Distributions},
  author = {Dominique Makowski and Daniel Lüdecke and Mattan S. Ben-Shachar and Indrajeet Patil and Micah K. Wilson and Brenton M. Wiernik},
  year = {2024},
  note = {R package version 0.15.0},
  url = {https://easystats.github.io/bayestestR/},
}

@Manual{R-blavaan,
  title = {blavaan: Bayesian Latent Variable Analysis},
  author = {Edgar Merkle and Yves Rosseel and Ben Goodrich},
  year = {2024},
  note = {R package version 0.5-6},
  url = {https://ecmerkle.github.io/blavaan/},
}

@Manual{R-bookdown,
  title = {bookdown: Authoring Books and Technical Documents with R Markdown},
  author = {Yihui Xie},
  year = {2024},
  note = {R package version 0.41},
  url = {https://github.com/rstudio/bookdown},
}

@Manual{R-brms,
  title = {brms: Bayesian Regression Models using Stan},
  author = {Paul-Christian Bürkner},
  year = {2024},
  note = {R package version 2.22.0},
  url = {https://github.com/paul-buerkner/brms},
}

@Manual{R-circular,
  title = {circular: Circular Statistics},
  author = {Ulric Lund and Claudio Agostinelli},
  year = {2024},
  note = {R package version 0.5-1},
  url = {https://CRAN.R-project.org/package=circular},
}

@Manual{R-cmdstanr,
  title = {cmdstanr: R Interface to CmdStan},
  author = {Jonah Gabry and Rok Češnovar and Andrew Johnson and Steve Bronder},
  year = {2024},
  note = {R package version 0.7.1},
  url = {https://mc-stan.org/cmdstanr/},
}

@Manual{R-corrplot,
  title = {corrplot: Visualization of a Correlation Matrix},
  author = {Taiyun Wei and Viliam Simko},
  year = {2024},
  note = {R package version 0.95},
  url = {https://github.com/taiyun/corrplot},
}

@Manual{R-cowplot,
  title = {cowplot: Streamlined Plot Theme and Plot Annotations for ggplot2},
  author = {Claus O. Wilke},
  year = {2024},
  note = {R package version 1.1.3},
  url = {https://wilkelab.org/cowplot/},
}

@Manual{R-dagitty,
  title = {dagitty: Graphical Analysis of Structural Causal Models},
  author = {Johannes Textor and Benito {van der Zander} and Ankur Ankan},
  year = {2023},
  note = {R package version 0.3-4},
  url = {https://www.dagitty.net},
}

@Manual{R-deSolve,
  title = {deSolve: Solvers for Initial Value Problems of Differential Equations
(ODE, DAE, DDE)},
  author = {Karline Soetaert and Thomas Petzoldt and R. Woodrow Setzer},
  year = {2023},
  note = {R package version 1.40},
  url = {http://desolve.r-forge.r-project.org/},
}

@Manual{R-doParallel,
  title = {doParallel: Foreach Parallel Adaptor for the parallel Package},
  author = {Microsoft Corporation and Steve Weston},
  year = {2022},
  note = {R package version 1.0.17},
  url = {https://github.com/RevolutionAnalytics/doparallel},
}

@Manual{R-dplyr,
  title = {dplyr: A Grammar of Data Manipulation},
  author = {Hadley Wickham and Romain François and Lionel Henry and Kirill Müller and Davis Vaughan},
  year = {2023},
  note = {R package version 1.1.4},
  url = {https://dplyr.tidyverse.org},
}

@Manual{R-FactoMineR,
  title = {FactoMineR: Multivariate Exploratory Data Analysis and Data Mining},
  author = {Francois Husson and Julie Josse and Sebastien Le and Jeremy Mazet},
  year = {2024},
  note = {R package version 2.11},
  url = {http://factominer.free.fr},
}

@Manual{R-forcats,
  title = {forcats: Tools for Working with Categorical Variables (Factors)},
  author = {Hadley Wickham},
  year = {2023},
  note = {R package version 1.0.0},
  url = {https://forcats.tidyverse.org/},
}

@Manual{R-foreach,
  title = {foreach: Provides Foreach Looping Construct},
  author = {{Revolution Analytics} and Steve Weston}},
  year = {2022},
  note = {R package version 1.5.2},
  url = {https://github.com/RevolutionAnalytics/foreach},
}

@Manual{R-ggcorrplot,
  title = {ggcorrplot: Visualization of a Correlation Matrix using ggplot2},
  author = {Alboukadel Kassambara},
  year = {2023},
  note = {R package version 0.1.4.1},
  url = {http://www.sthda.com/english/wiki/ggcorrplot-visualization-of-a-correlation-matrix-using-ggplot2},
}

@Manual{R-ggExtra,
  title = {ggExtra: Add Marginal Histograms to ggplot2, and More ggplot2
Enhancements},
  author = {Dean Attali and Christopher Baker},
  year = {2023},
  note = {R package version 0.10.1},
  url = {https://github.com/daattali/ggExtra},
}

@Manual{R-ggplot2,
  title = {ggplot2: Create Elegant Data Visualisations Using the Grammar of Graphics},
  author = {Hadley Wickham and Winston Chang and Lionel Henry and Thomas Lin Pedersen and Kohske Takahashi and Claus Wilke and Kara Woo and Hiroaki Yutani and Dewey Dunnington and Teun {van den Brand}},
  year = {2024},
  note = {R package version 3.5.1},
  url = {https://ggplot2.tidyverse.org},
}

@Manual{R-ggplotify,
  title = {ggplotify: Convert Plot to grob or ggplot Object},
  author = {Guangchuang Yu},
  year = {2023},
  note = {R package version 0.1.2},
  url = {https://github.com/GuangchuangYu/ggplotify},
}

@Manual{R-ggside,
  title = {ggside: Side Grammar Graphics},
  author = {Justin Landis},
  year = {2024},
  note = {R package version 0.3.1},
  url = {https://github.com/jtlandis/ggside},
}

@Manual{R-ggthemes,
  title = {ggthemes: Extra Themes, Scales and Geoms for ggplot2},
  author = {Jeffrey B. Arnold},
  year = {2024},
  note = {R package version 5.1.0},
  url = {https://jrnold.github.io/ggthemes/},
}

@Manual{R-gratia,
  title = {gratia: Graceful ggplot-Based Graphics and Other Functions for GAMs
Fitted Using mgcv},
  author = {Gavin L. Simpson},
  year = {2024},
  note = {R package version 0.9.2},
  url = {https://gavinsimpson.github.io/gratia/},
}

@Manual{R-gridExtra,
  title = {gridExtra: Miscellaneous Functions for "Grid" Graphics},
  author = {Baptiste Auguie},
  year = {2017},
  note = {R package version 2.3},
  url = {https://CRAN.R-project.org/package=gridExtra},
}

@Manual{R-iterators,
  title = {iterators: Provides Iterator Construct},
  author = {Revolution Analytics and Steve Weston},
  year = {2022},
  note = {R package version 1.0.14},
  url = {https://github.com/RevolutionAnalytics/iterators},
}

@Manual{R-janitor,
  title = {janitor: Simple Tools for Examining and Cleaning Dirty Data},
  author = {Sam Firke},
  year = {2023},
  note = {R package version 2.2.0},
  url = {https://github.com/sfirke/janitor},
}

@Manual{R-kableExtra,
  title = {kableExtra: Construct Complex Table with kable and Pipe Syntax},
  author = {Hao Zhu},
  year = {2024},
  note = {R package version 1.4.0},
  url = {http://haozhu233.github.io/kableExtra/},
}

@Manual{R-knitr,
  title = {knitr: A General-Purpose Package for Dynamic Report Generation in R},
  author = {Yihui Xie},
  year = {2024},
  note = {R package version 1.48},
  url = {https://yihui.org/knitr/},
}

@Manual{R-lavaan,
  title = {lavaan: Latent Variable Analysis},
  author = {Yves Rosseel and Terrence D. Jorgensen and Luc {De Wilde}},
  year = {2024},
  note = {R package version 0.6-19},
  url = {https://lavaan.ugent.be},
}

@Manual{R-lavaanPlot,
  title = {lavaanPlot: Path Diagrams for Lavaan Models via DiagrammeR},
  author = {Alex Lishinski},
  year = {2024},
  note = {R package version 0.8.1},
  url = {https://github.com/alishinski/lavaanPlot},
}

@Manual{R-lubridate,
  title = {lubridate: Make Dealing with Dates a Little Easier},
  author = {Vitalie Spinu and Garrett Grolemund and Hadley Wickham},
  year = {2023},
  note = {R package version 1.9.3},
  url = {https://lubridate.tidyverse.org},
}

@Manual{R-mgcv,
  title = {mgcv: Mixed GAM Computation Vehicle with Automatic Smoothness
Estimation},
  author = {Simon Wood},
  year = {2023},
  note = {R package version 1.9-1},
  url = {https://CRAN.R-project.org/package=mgcv},
}

@Manual{R-miniUI,
  title = {miniUI: Shiny UI Widgets for Small Screens},
  author = {Joe Cheng},
  year = {2018},
  note = {R package version 0.1.1.1},
  url = {https://CRAN.R-project.org/package=miniUI},
}

@Manual{R-modelr,
  title = {modelr: Modelling Functions that Work with the Pipe},
  author = {Hadley Wickham},
  year = {2023},
  note = {R package version 0.1.11},
  url = {https://modelr.tidyverse.org},
}

@Manual{R-nlme,
  title = {nlme: Linear and Nonlinear Mixed Effects Models},
  author = {José Pinheiro and Douglas Bates and {R Core Team}},
  year = {2024},
  note = {R package version 3.1-166},
  url = {https://svn.r-project.org/R-packages/trunk/nlme/},
}

@Manual{R-parallelly,
  title = {parallelly: Enhancing the parallel Package},
  author = {Henrik Bengtsson},
  year = {2024},
  note = {R package version 1.38.0},
  url = {https://parallelly.futureverse.org},
}

@Manual{R-parameters,
  title = {parameters: Processing of Model Parameters},
  author = {Daniel Lüdecke and Dominique Makowski and Mattan S. Ben-Shachar and Indrajeet Patil and Søren Højsgaard and Brenton M. Wiernik},
  year = {2024},
  note = {R package version 0.23.0},
  url = {https://easystats.github.io/parameters/},
}

@Manual{R-patchwork,
  title = {patchwork: The Composer of Plots},
  author = {Thomas Lin Pedersen},
  year = {2024},
  note = {R package version 1.3.0},
  url = {https://patchwork.data-imaginist.com},
}

@Manual{R-performance,
  title = {performance: Assessment of Regression Models Performance},
  author = {Daniel Lüdecke and Dominique Makowski and Mattan S. Ben-Shachar and Indrajeet Patil and Philip Waggoner and Brenton M. Wiernik and Rémi Thériault},
  year = {2024},
  note = {R package version 0.12.4},
  url = {https://easystats.github.io/performance/},
}

@Manual{R-posterior,
  title = {posterior: Tools for Working with Posterior Distributions},
  author = {Paul-Christian Bürkner and Jonah Gabry and Matthew Kay and Aki Vehtari},
  year = {2024},
  note = {R package version 1.6.0},
  url = {https://mc-stan.org/posterior/},
}

@Manual{R-pracma,
  title = {pracma: Practical Numerical Math Functions},
  author = {Hans W. Borchers},
  year = {2023},
  note = {R package version 2.4.4},
  url = {https://CRAN.R-project.org/package=pracma},
}

@Manual{R-purrr,
  title = {purrr: Functional Programming Tools},
  author = {Hadley Wickham and Lionel Henry},
  year = {2023},
  note = {R package version 1.0.2},
  url = {https://purrr.tidyverse.org/},
}

@Manual{R-R.matlab,
  title = {R.matlab: Read and Write MAT Files and Call MATLAB from Within R},
  author = {Henrik Bengtsson},
  year = {2022},
  note = {R package version 3.7.0},
  url = {https://github.com/HenrikBengtsson/R.matlab},
}

@Manual{R-Rcpp,
  title = {Rcpp: Seamless R and C++ Integration},
  author = {Dirk Eddelbuettel and Romain Francois and JJ Allaire and Kevin Ushey and Qiang Kou and Nathan Russell and Inaki Ucar and Douglas Bates and John Chambers},
  year = {2024},
  note = {R package version 1.0.13},
  url = {https://www.rcpp.org},
}

@Manual{R-readr,
  title = {readr: Read Rectangular Text Data},
  author = {Hadley Wickham and Jim Hester and Jennifer Bryan},
  year = {2024},
  note = {R package version 2.1.5},
  url = {https://readr.tidyverse.org},
}

@Manual{R-readxl,
  title = {readxl: Read Excel Files},
  author = {Hadley Wickham and Jennifer Bryan},
  year = {2023},
  note = {R package version 1.4.3},
  url = {https://readxl.tidyverse.org},
}

@Manual{R-rmarkdown,
  title = {rmarkdown: Dynamic Documents for R},
  author = {JJ Allaire and Yihui Xie and Christophe Dervieux and Jonathan McPherson and Javier Luraschi and Kevin Ushey and Aron Atkins and Hadley Wickham and Joe Cheng and Winston Chang and Richard Iannone},
  year = {2024},
  note = {R package version 2.28},
  url = {https://github.com/rstudio/rmarkdown},
}

@Manual{R-rstan,
  title = {rstan: R Interface to Stan},
  author = {Jiqiang Guo and Jonah Gabry and Ben Goodrich and Andrew Johnson and Sebastian Weber and Hamada S. Badr},
  year = {2024},
  note = {R package version 2.35.0.9000},
  url = {https://mc-stan.org/rstan/},
}

@Manual{R-rstantools,
  title = {rstantools: Tools for Developing R Packages Interfacing with Stan},
  author = {Jonah Gabry and Ben Goodrich and Martin Lysy and Andrew Johnson},
  year = {2024},
  note = {R package version 2.4.0},
  url = {https://mc-stan.org/rstantools/},
}

@Manual{R-seewave,
  title = {seewave: Sound Analysis and Synthesis},
  author = {Jerome Sueur and Thierry Aubin and Caroline Simonis},
  year = {2023},
  note = {R package version 2.2.3},
  url = {https://rug.mnhn.fr/seewave/},
}

@Manual{R-semPlot,
  title = {semPlot: Path Diagrams and Visual Analysis of Various SEM Packages'
Output},
  author = {Sacha Epskamp},
  year = {2022},
  note = {R package version 1.1.6},
  url = {https://github.com/SachaEpskamp/semPlot},
}

@Manual{R-semTools,
  title = {semTools: Useful Tools for Structural Equation Modeling},
  author = {Terrence D. Jorgensen and Sunthud Pornprasertmanit and Alexander M. Schoemann and Yves Rosseel},
  year = {2022},
  note = {R package version 0.5-6},
  url = {https://github.com/simsem/semTools/wiki},
}

@Manual{R-sessioninfo,
  title = {sessioninfo: R Session Information},
  author = {Hadley Wickham and Winston Chang and Robert Flight and Kirill Müller and Jim Hester},
  year = {2021},
  note = {R package version 1.2.2},
  url = {https://github.com/r-lib/sessioninfo#readme},
}

@Manual{R-shiny,
  title = {shiny: Web Application Framework for R},
  author = {Winston Chang and Joe Cheng and JJ Allaire and Carson Sievert and Barret Schloerke and Yihui Xie and Jeff Allen and Jonathan McPherson and Alan Dipert and Barbara Borges},
  year = {2024},
  note = {R package version 1.9.1},
  url = {https://shiny.posit.co/},
}

@Manual{R-shinystan,
  title = {shinystan: Interactive Visual and Numerical Diagnostics and Posterior
Analysis for Bayesian Models},
  author = {Jonah Gabry and Duco Veen},
  year = {2022},
  note = {R package version 2.6.0},
  url = {https://mc-stan.org/shinystan/},
}

@Manual{R-sn,
  title = {sn: The Skew-Normal and Related Distributions Such as the Skew-t and
the SUN},
  author = {Adelchi Azzalini},
  year = {2023},
  note = {R package version 2.1.1},
  url = {http://azzalini.stat.unipd.it/SN/},
}

@Manual{R-StanHeaders,
  title = {StanHeaders: C++ Header Files for Stan},
  author = {Ben Goodrich and Andrew Gelman and Bob Carpenter and Matt Hoffman and Daniel Lee and Michael Betancourt and Marcus Brubaker and Jiqiang Guo and Peter Li and Allen Riddell and Marco Inacio and Mitzi Morris and Jeffrey Arnold and Rob Goedman and Brian Lau and Rob Trangucci and Jonah Gabry and Alp Kucukelbir and Robert Grant and Dustin Tran and Michael Malecki and Yuanjun Gao and Hamada S. Badr},
  year = {2024},
  note = {R package version 2.35.0.9000},
  url = {https://mc-stan.org/},
}

@Manual{R-stringr,
  title = {stringr: Simple, Consistent Wrappers for Common String Operations},
  author = {Hadley Wickham},
  year = {2023},
  note = {R package version 1.5.1},
  url = {https://stringr.tidyverse.org},
}

@Manual{R-tibble,
  title = {tibble: Simple Data Frames},
  author = {Kirill Müller and Hadley Wickham},
  year = {2023},
  note = {R package version 3.2.1},
  url = {https://tibble.tidyverse.org/},
}

@Manual{R-tidybayes,
  title = {tidybayes: Tidy Data and Geoms for Bayesian Models},
  author = {Matthew Kay},
  year = {2024},
  note = {R package version 3.0.7},
  url = {https://mjskay.github.io/tidybayes/},
}

@Manual{R-tidygam,
  title = {tidygam: Tidy Prediction and Plotting of Generalised Additive Models},
  author = {Stefano Coretta},
  year = {2023},
  note = {R package version 0.2.0},
  url = {https://github.com/stefanocoretta/tidygam},
}

@Manual{R-tidymv,
  title = {tidymv: Tidy Model Visualisation for Generalised Additive Models},
  author = {Stefano Coretta},
  year = {2023},
  note = {R package version 3.4.2},
  url = {https://github.com/stefanocoretta/tidymv},
}

@Manual{R-tidyr,
  title = {tidyr: Tidy Messy Data},
  author = {Hadley Wickham and Davis Vaughan and Maximilian Girlich},
  year = {2024},
  note = {R package version 1.3.1},
  url = {https://tidyr.tidyverse.org},
}

@Manual{R-tidyverse,
  title = {tidyverse: Easily Install and Load the Tidyverse},
  author = {Hadley Wickham},
  year = {2023},
  note = {R package version 2.0.0},
  url = {https://tidyverse.tidyverse.org},
}

@Manual{R-tuneR,
  title = {tuneR: Analysis of Music and Speech},
  author = {Uwe Ligges},
  year = {2024},
  note = {R package version 1.4.7},
  url = {https://CRAN.R-project.org/package=tuneR},
}

@Article{bayesplot2019,
  title = {Visualization in Bayesian workflow},
  author = {Jonah Gabry and Daniel Simpson and Aki Vehtari and Michael Betancourt and Andrew Gelman},
  year = {2019},
  journal = {J. R. Stat. Soc. A},
  volume = {182},
  issue = {2},
  pages = {389-402},
  doi = {10.1111/rssa.12378},
}

@Article{bayestestR2019,
  title = {bayestestR: Describing Effects and their Uncertainty, Existence and Significance within the Bayesian Framework.},
  author = {Dominique Makowski and Mattan S. Ben-Shachar and Daniel Lüdecke},
  journal = {Journal of Open Source Software},
  doi = {10.21105/joss.01541},
  year = {2019},
  number = {40},
  volume = {4},
  pages = {1541},
  url = {https://joss.theoj.org/papers/10.21105/joss.01541},
}

@Article{blavaan2021,
  title = {Efficient {Bayesian} Structural Equation Modeling in {Stan}},
  author = {Edgar C. Merkle and Ellen Fitzsimmons and James Uanhoro and Ben Goodrich},
  journal = {Journal of Statistical Software},
  year = {2021},
  volume = {100},
  number = {6},
  pages = {1--22},
  doi = {10.18637/jss.v100.i06},
}

@Article{blavaan2018,
  title = {{blavaan: Bayesian} Structural Equation Models via Parameter Expansion},
  author = {Edgar C. Merkle and Yves Rosseel},
  journal = {Journal of Statistical Software},
  year = {2018},
  volume = {85},
  number = {4},
  pages = {1--30},
  doi = {10.18637/jss.v085.i04},
}

@Book{bookdown2016,
  title = {bookdown: Authoring Books and Technical Documents with {R} Markdown},
  author = {Yihui Xie},
  publisher = {Chapman and Hall/CRC},
  address = {Boca Raton, Florida},
  year = {2016},
  isbn = {978-1138700109},
  url = {https://bookdown.org/yihui/bookdown},
}

@Article{brms2017,
  title = {{brms}: An {R} Package for {Bayesian} Multilevel Models Using {Stan}},
  author = {Paul-Christian Bürkner},
  journal = {Journal of Statistical Software},
  year = {2017},
  volume = {80},
  number = {1},
  pages = {1--28},
  doi = {10.18637/jss.v080.i01},
  encoding = {UTF-8},
}

@Article{brms2018,
  title = {Advanced {Bayesian} Multilevel Modeling with the {R} Package {brms}},
  author = {Paul-Christian Bürkner},
  journal = {The R Journal},
  year = {2018},
  volume = {10},
  number = {1},
  pages = {395--411},
  doi = {10.32614/RJ-2018-017},
  encoding = {UTF-8},
}

@Article{brms2021,
  title = {Bayesian Item Response Modeling in {R} with {brms} and {Stan}},
  author = {Paul-Christian Bürkner},
  journal = {Journal of Statistical Software},
  year = {2021},
  volume = {100},
  number = {5},
  pages = {1--54},
  doi = {10.18637/jss.v100.i05},
  encoding = {UTF-8},
}

@Manual{circular2024,
  title = {{R} package \texttt{circular}: Circular Statistics (version 0.5-1)},
  author = {Claudio Agostinelli and Ulric Lund},
  year = {2024},
  url = {https://CRAN.R-project.org/package=circular},
}

@Manual{corrplot2024,
  title = {R package 'corrplot': Visualization of a Correlation Matrix},
  author = {Taiyun Wei and Viliam Simko},
  year = {2024},
  note = {(Version 0.95)},
  url = {https://github.com/taiyun/corrplot},
}

@Article{dagitty2016,
  title = {Robust causal inference using directed acyclic graphs: the R package 'dagitty'},
  journal = {International Journal of Epidemiology},
  author = {Johannes Textor and Benito {van der Zander} and Mark S Gilthorpe and Maciej Li\'{s}kiewicz and George TH Ellison},
  volume = {45},
  number = {6},
  pages = {1887--1894},
  year = {2016},
  doi = {10.1093/ije/dyw341},
}

@Article{deSolve2010,
  title = {Solving Differential Equations in {R}: Package de{S}olve},
  author = {{Karline Soetaert} and {Thomas Petzoldt} and {R. Woodrow Setzer}},
  journal = {Journal of Statistical Software},
  volume = {33},
  number = {9},
  pages = {1--25},
  year = {2010},
  doi = {10.18637/jss.v033.i09},
  keywords = {ordinary differential equations, partial differential
    equations, differential algebraic equations, initial value problems,
    R, FORTRAN, C},
}

@Article{FactoMineR2008,
  title = {{FactoMineR}: A Package for Multivariate Analysis},
  author = {S\'ebastien L\^e and Julie Josse and Fran\c{c}ois Husson},
  journal = {Journal of Statistical Software},
  year = {2008},
  volume = {25},
  number = {1},
  pages = {1--18},
  doi = {10.18637/jss.v025.i01},
}

@Book{ggplot22016,
  author = {Hadley Wickham},
  title = {ggplot2: Elegant Graphics for Data Analysis},
  publisher = {Springer-Verlag New York},
  year = {2016},
  isbn = {978-3-319-24277-4},
  url = {https://ggplot2.tidyverse.org},
}

@Book{knitr2015,
  title = {Dynamic Documents with {R} and knitr},
  author = {Yihui Xie},
  publisher = {Chapman and Hall/CRC},
  address = {Boca Raton, Florida},
  year = {2015},
  edition = {2nd},
  note = {ISBN 978-1498716963},
  url = {https://yihui.org/knitr/},
}

@InCollection{knitr2014,
  booktitle = {Implementing Reproducible Computational Research},
  editor = {Victoria Stodden and Friedrich Leisch and Roger D. Peng},
  title = {knitr: A Comprehensive Tool for Reproducible Research in {R}},
  author = {Yihui Xie},
  publisher = {Chapman and Hall/CRC},
  year = {2014},
  note = {ISBN 978-1466561595},
}

@Article{lavaan2012,
  title = {{lavaan}: An {R} Package for Structural Equation Modeling},
  author = {Yves Rosseel},
  journal = {Journal of Statistical Software},
  year = {2012},
  volume = {48},
  number = {2},
  pages = {1--36},
  doi = {10.18637/jss.v048.i02},
}

@Article{lubridate2011,
  title = {Dates and Times Made Easy with {lubridate}},
  author = {Garrett Grolemund and Hadley Wickham},
  journal = {Journal of Statistical Software},
  year = {2011},
  volume = {40},
  number = {3},
  pages = {1--25},
  url = {https://www.jstatsoft.org/v40/i03/},
}

@Article{mgcv2011,
  title = {Fast stable restricted maximum likelihood and marginal 
likelihood estimation of semiparametric generalized linear models},
  journal = {Journal of the Royal Statistical Society (B)},
  volume = {73},
  number = {1},
  pages = {3-36},
  year = {2011},
  author = {S. N. Wood},
}

@Article{mgcv2016,
  title = {Smoothing parameter and model selection for general smooth models (with discussion)},
  author = {S.N. Wood and {N.} and {Pya} and B. S{"a}fken},
  journal = {Journal of the American Statistical Association},
  year = {2016},
  pages = {1548-1575},
  volume = {111},
}

@Article{mgcv2004,
  title = {Stable and efficient multiple smoothing parameter estimation for 
         generalized additive models},
  journal = {Journal of the American Statistical Association},
  volume = {99},
  number = {467},
  pages = {673-686},
  year = {2004},
  author = {S. N. Wood},
}

@Book{mgcv2017,
  title = {Generalized Additive Models: An Introduction with R},
  year = {2017},
  author = {S.N Wood},
  edition = {2},
  publisher = {Chapman and Hall/CRC},
}

@Article{mgcv2003,
  title = {Thin-plate regression splines},
  journal = {Journal of the Royal Statistical Society (B)},
  volume = {65},
  number = {1},
  pages = {95-114},
  year = {2003},
  author = {S. N. Wood},
}

@Book{nlme2000,
  title = {Mixed-Effects Models in S and S-PLUS},
  author = {José C. Pinheiro and Douglas M. Bates},
  year = {2000},
  publisher = {Springer},
  address = {New York},
  doi = {10.1007/b98882},
}

@Article{parameters2020,
  title = {Extracting, Computing and Exploring the Parameters of Statistical Models using {R}.},
  volume = {5},
  doi = {10.21105/joss.02445},
  number = {53},
  journal = {Journal of Open Source Software},
  author = {Daniel Lüdecke and Mattan S. Ben-Shachar and Indrajeet Patil and Dominique Makowski},
  year = {2020},
  pages = {2445},
}

@Article{performance2021,
  title = {{performance}: An {R} Package for Assessment, Comparison and Testing of Statistical Models},
  author = {Daniel Lüdecke and Mattan S. Ben-Shachar and Indrajeet Patil and Philip Waggoner and Dominique Makowski},
  year = {2021},
  journal = {Journal of Open Source Software},
  volume = {6},
  number = {60},
  pages = {3139},
  doi = {10.21105/joss.03139},
}

@Article{posterior2021,
  title = {Rank-normalization, folding, and localization: An improved Rhat
for assessing convergence of MCMC (with discussion)},
  author = {Aki Vehtari and Andrew Gelman and Daniel Simpson and Bob Carpenter and Paul-Christian Bürkner},
  year = {2021},
  journal = {Bayesian Analysis},
}

@Article{Rcpp2011,
  title = {{Rcpp}: Seamless {R} and {C++} Integration},
  author = {Dirk Eddelbuettel and Romain Fran\c{c}ois},
  journal = {Journal of Statistical Software},
  year = {2011},
  volume = {40},
  number = {8},
  pages = {1--18},
  doi = {10.18637/jss.v040.i08},
}

@Book{Rcpp2013,
  title = {Seamless {R} and {C++} Integration with {Rcpp}},
  author = {Dirk Eddelbuettel},
  publisher = {Springer},
  address = {New York},
  year = {2013},
  note = {ISBN 978-1-4614-6867-7},
  doi = {10.1007/978-1-4614-6868-4},
}

@Article{Rcpp2018,
  title = {{Extending {R} with {C++}: A Brief Introduction to {Rcpp}}},
  author = {Dirk Eddelbuettel and James Joseph Balamuta},
  journal = {The American Statistician},
  year = {2018},
  volume = {72},
  number = {1},
  pages = {28-36},
  doi = {10.1080/00031305.2017.1375990},
}

@Book{rmarkdown2018,
  title = {R Markdown: The Definitive Guide},
  author = {Yihui Xie and J.J. Allaire and Garrett Grolemund},
  publisher = {Chapman and Hall/CRC},
  address = {Boca Raton, Florida},
  year = {2018},
  isbn = {9781138359338},
  url = {https://bookdown.org/yihui/rmarkdown},
}

@Book{rmarkdown2020,
  title = {R Markdown Cookbook},
  author = {Yihui Xie and Christophe Dervieux and Emily Riederer},
  publisher = {Chapman and Hall/CRC},
  address = {Boca Raton, Florida},
  year = {2020},
  isbn = {9780367563837},
  url = {https://bookdown.org/yihui/rmarkdown-cookbook},
}

@Article{seewave2008,
  title = {Seewave: a free modular tool for sound analysis and synthesis},
  author = {{J. Sueur} and {T. Aubin} and {C. Simonis}},
  year = {2008},
  journal = {Bioacoustics},
  volume = {18},
  pages = {213-226},
}

@Manual{sn2023,
  title = {The {R} package \texttt{sn}: The skew-normal and related distributions such as the skew-$t$ and the {SUN} (version 2.1.1).},
  author = {Azzalini A. Azzalini},
  address = {Universit\`a degli Studi di Padova, Italia},
  year = {2023},
  note = {Home page: \url{http://azzalini.stat.unipd.it/SN/}},
  url = {https://cran.r-project.org/package=sn},
}

@Article{tidyverse2019,
  title = {Welcome to the {tidyverse}},
  author = {Hadley Wickham and Mara Averick and Jennifer Bryan and Winston Chang and Lucy D'Agostino McGowan and Romain François and Garrett Grolemund and Alex Hayes and Lionel Henry and Jim Hester and Max Kuhn and Thomas Lin Pedersen and Evan Miller and Stephan Milton Bache and Kirill Müller and Jeroen Ooms and David Robinson and Dana Paige Seidel and Vitalie Spinu and Kohske Takahashi and Davis Vaughan and Claus Wilke and Kara Woo and Hiroaki Yutani},
  year = {2019},
  journal = {Journal of Open Source Software},
  volume = {4},
  number = {43},
  pages = {1686},
  doi = {10.21105/joss.01686},
}

@Manual{tuneR2023,
  title = {{tuneR}: Analysis of Music and Speech},
  author = {Uwe Ligges and Sebastian Krey and Olaf Mersmann and Sarah Schnackenberg},
  year = {2023},
  url = {https://CRAN.R-project.org/package=tuneR},
}

